% Para exemplos de referências, vide: https://verbosus.com/bibtex-style-examples.html

%livro
@book{livroLatex,
    author    = "Michel Goossens and Frank Mittelbach and Alexander Samarin",
    title     = "The LaTeX Companion",
    year      = "1993",
    publisher = "Addison-Wesley",
    address   = "Reading, Massachusetts"
}

%livro
@book{chowdhary,
    author="K. R. Chowdhary",
    title="Natural Language Processing",
    bookTitle="Fundamentals of Artificial Intelligence",
    year="2020",
    publisher="Springer India",
    address="New Delhi",
    pages="603--649",
    isbn="978-81-322-3972-7",
    doi="10.1007/978-81-322-3972-7_19",
    url="https://doi.org/10.1007/978-81-322-3972-7_19"
}

% artigo em periodico
@article{artigo-revista,
    author  = "George D. Greenwade",
    title   = "The {C}omprehensive {T}ex {A}rchive {N}etwork ({CTAN})",
    year    = "1993",
    journal = "TUGBoat",
    volume  = "14",
    number  = "3",
    pages   = "342--351"
}

% artigo em conferencia
@InProceedings{jmlok2,
  author = 	 {Alysson Milanez and Dennis Sousa and Tiago Massoni and Rohit Gheyi},
  title = 	 {{JMLOK2: A tool for detecting and categorizing nonconformances}},
  booktitle = {CBSoft (Tools session)},
  year = 	 {2014},
  pages = {69--76},
}

% tese
@phdthesis{phdthesis,
  author       = {Alysson Filgueira Milanez}, 
  title        = {{Fostering Design By Contract by Exploiting the Relationship between Code Commentary and Contracts}},
  school       = {Federal University of Campina Grande},
  year         = 2018,
  month        = 5,
}

% dissertacao
@MastersThesis{myDissertation,
  author = 	 {Alysson Milanez},
  title = 	 {{Enhancing Conformance Checking for Contract-Based Programs}},
  school = 	 {Federal University of Campina Grande},
  year = 	 {2014},
}

% monografia
@monography{exemploTCC,
    address={Campina Grande},
    author={Alysson Filgueira Milanez},
    pages={51},
    school={IFPB},
    title={Teste},
    year={2020},
}

% manuais
@manual{manualJmlok,
    title        = {JMLOK Reference Manual},
    author        = {Alysson Milanez, Igor Ataide, Arthur Souza, Tiago Massoni, and Rohit Gheyi},
    organization    = {Universidade Federal de Campina Grande},
    year        = {2017},
}

% relatorios tecnicos
@TechReport{manualResults,
  author = 	 {Milanez, A.},
  title = 	 {{Case Study on Categorizing Nonconformances}},
  institution =  {Software Practices Laboratory, Federal University of Campina Grande},
  year = 	 {2014},
}

% sites ou outros documentos
@MISC{jmlreference,
    author = {G. Leavens and E. Poll and C. Clifton and Y. Cheon and C. Ruby and D. Cok and P. Müller and J. Kiniry and P. Chalin and D. Zimmerman and W. Dietl},
    title = {{JML Reference Manual}},
    year = {2013}
}

% sites ou outros documentos
@MISC{gariba,
    author = {Gariba, M. Jr. and Schneider, M. C. K. and Rosa, A. E. and Casagrande, J. B. and Santos, C. S.},
    title = {{Reconhecimento de Fala e Processamento da Linguagem Natural}},
    year = {2005}
}

@online{sitePessoal,
  author = {Alysson Filgueira Milanez},
  title = {Alysson Milanez},
  year = 2020,
  url = {https://sites.google.com/site/alyssonfilgueira},
  urldate = {14-05-2020}
}

@article{gonzalezlima,
  title={Recuperação de informação e processamento da linguagem natural},
  author={GONZALEZ, Marco},
  journal={Anais do III Jornada de Mini-Cursos de Inteligência Artificial},
  volume={3},
  year = {2003},
  pages={347--395}
}

@article{leite2010estudo,
  title={Um estudo comparativo de modelos baseados em estatísticas textuais, grafos e aprendizado de maquina para sumarização automática de textos em português},
  author={Leite, Daniel Saraiva},
  year={2010},
  publisher={Universidade Federal de São Carlos}
}

@article{souza2017metodo,
  title={Um método de sumarização automática de textos através de dados estatísticos e Processamento de Linguagem Natural},
  author={Souza, Osvaldo de and Tabosa, Hamilton Rodrigues and Oliveira, Davi Martins de and Oliveira, Mayra Helena de Souza},
  year={2017},
  publisher={Informação \& Sociedade: Estudos}
}

@article{balage2006estrutura,
  title={Estrutura textual e multiplicidade de tópicos na sumarização automática: o caso do sistema \textit{GistSumm}},
  author={Balage Filho, Pedro Paulo and Uzêda, Vinicius Rodrigues de and Pardo, Thiago Alexandre Salgueiro and Nunes, Maria das Gracas Volpe and others},
  year={2006},
  publisher={SAo Carlos, SP, Brasil.}
}

@incollection{carlson2003building,
  title={Building a discourse-tagged corpus in the framework of rhetorical structure theory},
  author={Carlson, Lynn and Marcu, Daniel and Okurowski, Mary Ellen},
  booktitle={Current and new directions in discourse and dialogue},
  pages={85--112},
  year={2003},
  publisher={Springer}
}

@inproceedings{lin2003automatic,
  title={Automatic evaluation of summaries using n-gram co-occurrence statistics},
  author={Lin, Chin-Yew and Hovy, Eduard},
  booktitle={Proceedings of the 2003 human language technology conference of the North American chapter of the association for computational linguistics},
  pages={150--157},
  year={2003}
}

@article{barzilay1997michael,
  title={Michael Elhadad Using Lexical chains for Text summarization in proceedings of the intelligent Scalable Text summarization workshop (ISTS’97)},
  author={Barzilay, Regina},
  journal={ACL Madrid},
  year={1997}
}

@article{black1988practical,
  title={A Practical Evaluation of Two Rule-Based Automatic Abstraction Techniques},
  author={Black, William J and Johnson, Frances C},
  journal={Expert systems for information management},
  volume={1},
  number={3},
  pages={159--177},
  year={1988}
}

@inproceedings{ribaldo2011sumarizaccao,
  title={Sumarização automática multi-documento com mapas de relacionamento},
  author={Ribaldo, Rafael and Pardo, Thiago AS and Rino, Lucia HM},
  booktitle={STIL STUDENT WORKSHOP ON INFORMATION AND HUMAN LANGUAGE TECHNOLOGY},
  volume={2},
  pages={1--3},
  year={2011}
}

@phdthesis{de2004avaliaccao,
  title={Avaliação de técnicas para sumarização automática de textos},
  author={Souza, Vagner Ferreira de},
  year={2004},
  school={Universidade Luterana do Brasil}
}

@article{nadkarni2011natural,
  title={Natural language processing: an introduction},
  author={Nadkarni, Prakash M and Ohno-Machado, Lucila and Chapman, Wendy W},
  journal={Journal of the American Medical Informatics Association},
  volume={18},
  number={5},
  pages={544--551},
  year={2011},
  publisher={BMJ Group BMA House, Tavistock Square, London, WC1H 9JR}
}

@inproceedings{margaridosumarizaccao,
  title={Sumarização Automática para Simplificação de Textos: Experimentos e Lições Aprendidas},
  author={Margarido, Paulo Rodrigues Alves and Pardo, Thiago Alexandre Salgueiro and Aluísio, Sandra M.},
  year = 2008,
  booktitle = {Simpósio Brasileiro de Fatores Humanos em Sistemas Computacionais},
  publisher = {SBC},
}

@article{luhn1957stoical,
  title={A stoical approach to mechanized encoding and searching of literary information},
  author={Luhn, HP},
  journal={IBM Jouranl of Research and Development},
  volume={1},
  number={4},
  pages={390--317},
  year={1957}
}

@article{oliveira2018sumarizaccao,
  title={Sumarização automática de textos baseada em conceitos via programação linear inteira e regressão},
  author={OLIVEIRA, Hilário Tomaz Alves de},
  year={2018},
  publisher={Universidade Federal de Pernambuco}
}

@inproceedings{sodre2019avaliando,
  title={Avaliando Algoritmos de Regressão para Sumarização Automática de Textos em Português do Brasil},
  author={Sodré, Lucas and de Oliveira, Hilário},
  booktitle={Anais do XVI Encontro Nacional de Inteligência Artificial e Computacional},
  pages={634--645},
  year={2019},
  organization={SBC}
}

@online{sitePessoal,
  author = {Alysson Filgueira Milanez},
  title = {Alysson Milanez},
  year = 2020,
  url = {https://sites.google.com/site/alyssonfilgueira},
  urldate = {14-05-2020}
}

@article{moro2018reconhecimento,
  title={Reconhecimento de entidades nomeadas em documentos de língua portuguesa},
  author={Moro, Diefferson Koderer and others},
  year={2018},
  publisher={Ararangua, SC}
}

@article{do2019processamento,
  title={Processamento de linguagem natural},
  author={do Lago Pereira, Silvio},
  year={2019}
}

@article{covington1997prolog,
  title={Prolog Programming in Depth Prentice Hall},
  author={Covington, MA and Nute, D and Vellino, A},
  journal={New Jersey},
  year={1997}
}

@article{sousa2022praticas,
  title={Praticas com os aspectos fonológicos da linguá na BNCC: reflexões ao professor de educação básica},
  author={SOUSA JUNIOR, Wellington Gomes de and others},
  year={2022},
  publisher={Universidade Federal de Campina Grande}
}

@phdthesis{lacotizflexao,
  title={Flexão de gênero: estudo historiográfico sobre a genealogia dos conceitos e abordagem semiótica da morfologia no português},
  author={Lacotiz, Andrea},
  school={Universidade de São Paulo},
  year = 2020,
}

@article{de2019unidades,
  title={Unidades fraseológicas em textos autênticos em francês: o exemplo dos contos infanto-juvenis},
  author={Sampaio, Angelo and Ribeiro, Silvana},
  journal={A Cor das Letras},
  volume={20},
  number={1},
  pages={54--70},
  year={2019}
}

@article{silva2021detecccao,
  title={Detecção automática de conteúdos preconceituosos utilizando técnicas de classificação de textos},
  author={SILVA, KETERLY GEOVANA GOUVEIA},
  year={2021},
  publisher={Centro Universitário Sagrado Coração-UNISAGRADO}
}

@article{de2020mike,
  title={Mike: um \textit{chatbot} para troca e devolução de produtos},
  author={de Oliveira Santos, João Paulo and Clementino, José Salomão Quevedo and Pugliesi, Jaqueline Brigladori},
  journal={Revista Eletrônica de Computação Aplicada},
  volume={1},
  number={1},
  year={2020}
}

@article{motta2018estudo,
  title={Um estudo sobre \textit{Chatbots} e sua aplicação no comercio eletrônico},
  author={Motta, Denis Bao},
  year={2018},
  publisher={Universidade Federal de Santa Maria}
}

@book{cidrimtecnologias,
  title={Tecnologias e ciências da linguagem: vertentes e novas aplicações},
  author={Cidrim, Luciana and Lopes, Waslon and Madeiro, Francisco},
  year={2019},
  publisher={Pá de Palavra}
}



@inproceedings{dos2021analise,
  title={Analise de Sentimentos: Avaliando o Desempenho de Pre-Processamento e de Algoritmos de Aprendizagem de Maquina sobre o \textit{Dataset TweetSentBR}},
  author={dos Santos Cardozo, Laerte and de Freitas, Larissa Astrogildo},
  booktitle={Anais do X Brazilian Workshop on Social Network Analysis and Mining},
  pages={169--174},
  year={2021},
  organization={SBC}
}

@article{gobbo2019abordagem,
  title={Uma abordagem baseada em \textit{small data} para comparar o resultado da aplicação das técnicas de analise de sentimentos dos clientes de uma pequena empresa},
  author={Gobbo, Debora Vanessa},
  year={2019}
}

@inproceedings{campos2021uso,
  title={Uso de técnicas de processamento de linguagem natural para identificação de similaridade de ser vicos públicos},
  author={Campos, Sandro Luís Brandão and de Figueiredo, Josiel Maimone},
  booktitle={Anais do IX Workshop de Computação Aplicada em Governo Eletrônico},
  pages={83--94},
  year={2021},
  organization={SBC}
}

@article{santos2022processamento,
  title={Processamento de Linguagem Natural em Textos de Mídias Sociais: Fundamentos, Ferramentas e Aplicações},
  author={Santos, Frances A and Kobellarz, Jordan K and de Souza, Fabio R and Villas, Leandro A and Silva, Thiago H},
  journal={Sociedade Brasileira de Computação},
  year={2022}
}

@inproceedings{frutuoso2018processamento,
  title={Processamento de Linguagem Natural Controlada utilizando uma Maquina de Moore},
  author={Frutuoso, Hortevan M and Bedregal, Benjamin RC},
  booktitle={Anais do XV Encontro Nacional de Inteligência Artificial e Computacional},
  pages={13--24},
  year={2018},
  organization={SBC}
}

@book{d2022inteligencia,
  title={Inteligência Artificial: Tratados, aplicações, usos e futuro},
  author={D'Addario, Miguel},
  year={2022},
  publisher={Babelcube Inc.}
}

@article{rodriguez2020processamento,
  title={Processamento de linguagem natural para reconhecimento de entidades nomeadas em textos jurídicos de atos administrativos (portarias)},
  author={Rodriguez, Marcia Marina and Bezerra, Byron Leite Dantas},
  journal={Revista de Engenharia e Pesquisa Aplicada},
  volume={5},
  number={1},
  pages={67--77},
  year={2020}
}

@misc{deuso,
  title={USO DE SOFTWARE LIVRE PARA A MINERAÇÃO DE TEXTO},
  author={de Oliveira Rodrigues, João Vitor and da Silva, Ronald Santos and Gava, Tânia Barbosa Salles},
  note = {Universidade Federal do Espírito Santo (UFES)},
  year={2018}
}

@article{lima2022big,
  title={O Big Data e a Ciência de Dados na produção bibliográfica brasileira da Biblioteconomia e da Ciência da Informação},
  author={Lima, Carina Munhoz de},
  year={2022}
}

@article{souza2021modelo,
  title={Modelo de mineração de ideias utilizando técnicas de engenharia do conhecimento},
  author={Souza, Luiz Fernando Spillere de and others},
  year={2021}
}

@article{martins2001introduccao,
  title={Introdução à sumarização automática},
  author={Martins, Camilla Brandel and Pardo, Thiago Alexandre Salgueiro and Espina, Alice Picon and Rino, Lucia Helena Machado},
  journal={Relatório Técnico RT-DC},
  volume={2},
  pages={35},
  year={2001}
}

@inproceedings{cabral2014platform,
  title={A platform for language independent summarization},
  author={Cabral, Luciano de Souza and Lins, Rafael Dueire and Mello, Rafael Fe and Freitas, Fred and avila, Bruno and Simske, Steven and Riss, Marcelo},
  booktitle={Proceedings of the 2014 ACM symposium on Document engineering},
  pages={203--206},
  year={2014}
}

@article{salvino2019analise,
  title={Analise de técnicas de sumarização automática de texto superficiais e profundas},
  author={SALVINO, Lucas Andre and others},
  year={2019},
  publisher={Universidade Federal de Campina Grande}
}

@article{antunes2018abordagem,
  title={Uma abordagem para sumarização automática semi-extrativa},
  author={Antunes, Jamilson Batista},
  year={2018},
  publisher={Universidade Federal de Pernambuco}
}

@article{pinho2021analise,
  title={Analise de textos com aplicação de técnicas de inteligência artificial: estudo comparativo para classificação de fuga ao tema em redações},
  author={Pinho, Cíntia Maria de Araújo and others},
  year={2021},
  publisher={Universidade Nove de Julho}
}

@article{russell2011mineraccao,
  title={Mineração de dados da web social},
  author={Russell, Matthew A},
  journal={O’Really},
  year={2011}
}

@article{de2022processamento,
  title={Processamento de Linguagem Natural (PLN) para automatização da checagem de conformidade: uma investigação do pre-processamento de um código regulatório urbanístico brasileiro},
  author={de avila, Paulo Victor Matos Leite and de Brito, Douglas Malheiro and Santos, Daniele Mota and Ferreira, Emerson de Andrade Marques},
  journal={ENCONTRO NACIONAL DE TECNOLOGIA DO AMBIENTE CONSTRUÍDO},
  volume={19},
  pages={1--12},
  year={2022}
}

@article{ferreira2021mineraccao,
  title={Mineração de textos científicos: analise de artigos de periódicos científicos brasileiros da areá de Ciência da Informação},
  author={Ferreira, Marcio Henrique Wanderley and Correa, Renato Fernandes},
  journal={Em Questão},
  volume={27},
  number={1},
  pages={237--262},
  year={2021}
}

@article{singh2018natural,
  title={Natural language processing for information extraction},
  author={Singh, Sonit},
  journal={arXiv preprint arXiv:1807.02383},
  year={2018}
}

@inproceedings{vieira2019analise,
  title={Analise descritiva das \textit{fake news} da saúde através de mineração de textos no Portal da Saúde},
  author={Vieira, Larissa Machado and Silva, Núbia Rosa da and Cordeiro, Douglas Farias},
  booktitle={Congresso de Ciências da Comunicação na Região Centro-Oeste},
  pages={1--4},
  year={2019}
}

@article{tabosa2020avaliaccao,
  title={Avaliação do desempenho de um software de sumarização automática de textos},
  author={Tabosa, Hamilton Rodrigues and Souza, Osvaldo de and Cândido, José Carlos dos Santos and Melo, Ana Cristina Azevedo Ursulino and Reis, Keila Giullianna Braga},
  year={2020}
}

@article{gistsumm,
author = {Muller, Eduardo and Granatyr, Jones and Lessing, Otto},
year = {2015},
month = {05},
pages = {75},
title = {Comparativo entre o algoritmo de Luhn e o algoritmo GistSumm para sumarização de documentos},
volume = {22},
journal = {Revista de Informática Teórica e Aplicada},
doi = {10.22456/2175-2745.47524}
}

@inproceedings{rino2003sumarizaccao,
  title={A Sumarização Automática de textos: principais características e metodologias},
  author={Rino, Lucia Helena Machado and Pardo, Thiago Alexandre Salgueiro},
  booktitle={Anais do XXIII Congresso da Sociedade Brasileira de Computação},
  volume={8},
  pages={203--245},
  year={2003}
}

@article{pereira2020sistema,
  title={Sistema Web Para Agendamentos de um Salão de Beleza},
  author={PEREIRA, LUCAS DA SILVA and Moreira, Joao Padilha},
  journal={SEMINARIO DE TECNOLOGIA, GESTAO E EDUCAÇAO},
  volume={2},
  number={2},
  year={2020}
}

@article{deolhar,
  title={UM OLHAR SOBRE OS TRABALHOS DE CONCLUSÃO DE CURSO DAS LICENCIATURAS EM ARTES VISUAIS DA UNB E UFG ENTRE 2007 E 2015 A PARTIR DA CULTURA VISUAL},
  author={de Morais Braga, Monica Mitchell and Gatti, Therese Hofmann},
  journal={E-BOOK 7{\textordmasculine} SECITEC},
  pages={73},
  year={2018}
}

@book{eco2023definicao,
  title={Ruido: uma falha no julgamento humano},
  author={Kahneman, Daniel and Sibony, Olivier and Sunstein, Cass R},
  year={2021},
  publisher={Objetiva}
}

@phdthesis{barbieri2021sumarizaccao,
  title={Sumarização automática multivídeo baseada em estratêgias humanas},
  author={Barbieri, Tamires Tessarolli de Souza},
  year={2021},
  school={Universidade de São Paulo}
}

@article{domingues2022analise,
  title={Análise de desempenho dos parâmetros de um resolvedor de Programação Linear Inteira},
  author={Domingues, Lorielem de Carvalho},
  year={2022}
}

@article{lund2023chatting,
  title={Chatting about ChatGPT: how may AI and GPT impact academia and libraries?},
  author={Lund, Brady D and Wang, Ting},
  journal={Library Hi Tech News},
  year={2023},
  publisher={Emerald Publishing Limited}
}

@article{transformer2022rapamycin,
  title={Rapamycin in the context of Pascal’s Wager: generative pre-trained transformer perspective},
  author={Transformer, ChatGPT Generative Pre-trained and Zhavoronkov, Alex},
  journal={Oncoscience},
  volume={9},
  pages={82},
  year={2022},
  publisher={Impact Journals, LLC}
}

@article{aydin2023chatgpt,
  title={Is ChatGPT Leading Generative AI? What is Beyond Expectations?},
  author={Ayd{\i}n, {\"O}mer and Karaarslan, Enis},
  journal={What is Beyond Expectations},
  year={2023}
}

@inproceedings{natarajan2020wide,
  title={A wide and deep transformer neural network for 12-lead ECG classification},
  author={Natarajan, Annamalai and Chang, Yale and Mariani, Sara and Rahman, Asif and Boverman, Gregory and Vij, Shruti and Rubin, Jonathan},
  booktitle={2020 Computing in Cardiology},
  pages={1--4},
  year={2020},
  organization={IEEE}
}

@article{rao2023assessing,
  title={Assessing the Utility of ChatGPT Throughout the Entire Clinical Workflow},
  author={Rao, Arya S and Pang, Michael and Kim, John and Kamineni, Meghana and Lie, Winston and Prasad, Anoop K and Landman, Adam and Dryer, Keith and Succi, Marc D},
  journal={medRxiv},
  pages={2023--02},
  year={2023},
  publisher={Cold Spring Harbor Laboratory Press}
}

@article{rudolph2023chatgpt,
  title={ChatGPT: Bullshit spewer or the end of traditional assessments in higher education?},
  author={Rudolph, Jurgen and Tan, Samson and Tan, Shannon},
  journal={Journal of Applied Learning and Teaching},
  volume={6},
  number={1},
  year={2023}
}

@phdthesis{da2022mineraccao,
  title={Mineração de Texto aplicada às análises de intervenção de Políticas Públicas de Saúde: o caso da epidemia de sífilis no Brasil},
  author={da Rocha, Marcella Andrade},
  year={2022},
  school={UNIVERSIDADE FEDERAL DO RIO GRANDE DO NORTE}
}

@book{torres2014automatic,
  title={Automatic text summarization},
  author={Torres-Moreno, Juan-Manuel},
  year={2014},
  publisher={John Wiley \& Sons}
}

@article{de2011blmsumm,
  title={BLMSumm - Métodos de Busca Local e Meta heurísticas na Sumarização de Textos},
  author={de Oliveira, Marcelo Arantes and Guelpeli, Marcus Vinícius},
  year={2011}
}

@article{autonomouniversidade,
  title={CASSIOPEIA: UM MODELO BASEADO EM SUMARIZAÇÃO E APRENDIZADO AUTÔNOMO USADO EM AGRUPAMENTOS PARA DESCOBERTA DE CONHECIMENTO EM BASES TEXTUAIS },
  author={GUELPELI, MARCUS VINICIUS CARVALHO },
  year={2009},
  school={UNIVERSIDADE FEDERAL FLUMINENSE--UFF INSTITUTO DE COMPUTAÇÃO--IC PROGRAMA DE PÓS-GRADUAÇÂO EM COMPUTAÇÃO}
}

@article{brewka1996artificial,
  title={Artificial intelligence—a modern approach by Stuart Russell and Peter Norvig, Prentice Hall. Series in Artificial Intelligence, Englewood Cliffs, NJ},
  author={Brewka, Gerd},
  journal={The Knowledge Engineering Review},
  volume={11},
  number={1},
  pages={78--79},
  year={1996},
  publisher={Cambridge University Press}
}

@article{muller2015comparativo,
  title={Comparativo entre o algoritmo de Luhn e o algoritmo GistSumm para sumarização de Documentos},
  author={Muller, Eduardo and Granatyr, Jones and Lessing, Otto Robert},
  journal={Revista de Informática Teórica e Aplicada},
  volume={22},
  number={1},
  pages={75--94},
  year={2015}
}

@article{MALTA2020,
   title = {A pandemia da COVID-19 e as mudanças no estilo de vida dos brasileiros adultos: um estudo transversal, 2020},
   journal = {Epidemiologia e Serviços de Saúde},
   author={Malta, Deborah Carvalho AND Szwarcwald, Célia Landmann AND Barros, Marilisa Berti de Azevedo AND Gomes, Crizian Saar AND Machado, Isis Eloah AND Souza Júnior, Paulo Roberto Borges de AND Romero, Dalia Elena AND Lima, Margareth Guimaraes AND Damacena, Giseli Nogueira AND Pina, Maria de Fátima AND Freitas, Maria Imaculada de Fátima AND Werneck, André Oliveira AND Silva, Danilo Rodrigues Pereira da AND Azevedo, Luiz Otávio AND Gracie, Renata},
   ISSN = {1679-4974},
   volume = {29},
   year = {2020},
   month = {00},
   publisher = {scielo},
}

@article{castro2022extraccao,
  title={Extração de dados e análise de sentimento: com diferentes dicionários léxicos},
  author={Castro Neto, Carlos Pereira de},
  year={2022},
  publisher={Universidade Federal de São Carlos}
}

@article{shashikanth2019text,
  title={Text Summarization Techniques Survey on Telugu and Foreign Languages},
  author={Shashikanth, Sana and Sanghavi, Sriram},
  journal={International Journal of Research in Engineering, Science and Management},
  volume={2},
  number={1},
  year={2019}
}

@article{oliveira2022composiccao,
  title={Composição de objetos de aprendizagem multimídia através de sumarizadores automáticos de texto baseados em modelos deep learning},
  author={Oliveira, Leandro Massetti Ribeiro and others},
  year={2022},
  publisher={Universidade Federal do Maranhão}
}

@article{goodman1961snowball,
  title={Snowball sampling},
  author={Goodman, Leo A},
  journal={The annals of mathematical statistics},
  pages={148--170},
  year={1961},
  publisher={JSTOR}
}

@book{neuman2006workbook,
  title={Workbook for Neumann Social research methods: qualitative and quantitative approaches},
  author={Neuman, William Lawrence},
  year={2006},
  publisher={Allyn \& Bacon}
}

@article{cook1979quasi,
  title={Quasi-Experimentation: Design \& Analysis Issues for Field Settings},
  author={Cook, Thomas D and Campbell, Donald T},
  journal={Houghton Mifflin Boston},
  year={1979}
}

@book{shadish2002experimental,
  title={Experimental and Quasi-Experimental Designs for Generalized Causal Inference},
  author={Shadish, William R and Cook, Thomas D and Campbell, Donald T},
  year={2002},
  publisher={Houghton Mifflin Boston}
}

@article{cronbach1955construct,
  title={Construct validity in psychological tests},
  author={Cronbach, Lee J and Meehl, Paul E},
  journal={Psychological Bulletin},
  volume={52},
  number={4},
  pages={281},
  year={1955},
  publisher={American Psychological Association}
}

@book{jurafskymartin2020,
    title = "Speech and Language Processing",
    author = "Jurafsky, Daniel and Martin, James H.",
    year = "2020",
    publisher = "Pearson Education Limited",
    edition = "3rd",
    address = "Harlow, England"
}

@article{pandian2021performance,
  title={Performance evaluation and comparison using deep learning techniques in sentiment analysis},
  author={Pandian, A Pasumpon},
  journal={Journal of Soft Computing Paradigm (JSCP)},
  volume={3},
  number={02},
  pages={123--134},
  year={2021}
}

@article{cassiani1996teoria,
  title={A teoria fundamentada nos dados como abordagem da pesquisa interpretativa},
  author={Cassiani, Silvia Helena De Bortoli and Caliri, Maria Helena Larcher and Pelá, Nilza Teresa Rotter},
  journal={Revista latino-americana de enfermagem},
  volume={4},
  pages={75--88},
  year={1996},
  publisher={SciELO Brasil}
}